<record><leader>00000cas a22000007a 4500</leader><controlfield tag="001">19816746</controlfield><controlfield tag="008">890605d1uuu1912moudn ne      0    0eng d</controlfield><datafield ind1=" " ind2=" " tag="010"><subfield code="a">sn 89066157 </subfield></datafield><datafield ind1=" " ind2=" " tag="040"><subfield code="a">MQN</subfield><subfield code="b">eng</subfield><subfield code="c">MQN</subfield><subfield code="d">OCLCQ</subfield></datafield><datafield ind1=" " ind2=" " tag="042"><subfield code="a">msc</subfield></datafield><datafield ind1="0" ind2=" " tag="130"><subfield code="a">Chillicothe tribune (Chillicothe, Mo. : Daily ed.)</subfield></datafield><datafield ind1="1" ind2="4" tag="245"><subfield code="a">The Chillicothe tribune.</subfield></datafield><datafield ind1=" " ind2=" " tag="250"><subfield code="a">Daily ed.</subfield></datafield><datafield ind1=" " ind2=" " tag="260"><subfield code="a">Chillicothe, Mo. :</subfield><subfield code="b">Chillicothe Pub. and Print. Co.</subfield></datafield><datafield ind1=" " ind2=" " tag="300"><subfield code="a">v.</subfield></datafield><datafield ind1=" " ind2=" " tag="310"><subfield code="a">Daily (except Sun.)</subfield></datafield><datafield ind1="0" ind2=" " tag="362"><subfield code="a">-v. 32, no. 174 (July 26, 1912).</subfield></datafield><datafield ind1=" " ind2=" " tag="588"><subfield code="a">Description based on: Vol. 30, no. 226 (Sept. 15, 1910).</subfield></datafield><datafield ind1=" " ind2="4" tag="651"><subfield code="a">Chillicothe (Mo.)</subfield><subfield code="v">Newspapers.</subfield></datafield><datafield ind1=" " ind2=" " tag="752"><subfield code="a">United States</subfield><subfield code="b">Missouri</subfield><subfield code="c">Livingston</subfield><subfield code="d">Chillicothe.</subfield></datafield><datafield ind1="0" ind2=" " tag="775"><subfield code="t">Weekly tribune (Chillicothe, Mo.)</subfield><subfield code="w">(DLC)sn 89066160</subfield></datafield><datafield ind1="0" ind2="0" tag="780"><subfield code="t">Daily tribune (Chillicothe, Mo. : 1881)</subfield><subfield code="w">(DLC)sn 89066156</subfield></datafield><datafield ind1="0" ind2="0" tag="785"><subfield code="t">Evening tribune (Chillicothe, Mo.)</subfield><subfield code="w">(DLC)sn 89066158</subfield></datafield><datafield ind1="1" ind2=" " tag="029"><subfield code="a">AU@</subfield><subfield code="b">000020556439</subfield></datafield></record>